

@online{wikiforCognitive,
  author = {Wikimedia Foundation, Inc},
  title  = {{Cognitive model}},
  url    = {https://en.wikipedia.org/wiki/Cognitive_model},
  note   = {(2022, Jan 25)}
}

@article{ref4,
  title   = {基于计算机技术的人机交互应用探究},
  author  = {刘详富},
  journal = {民营科技},
  number  = {8},
  pages   = {158},
  year    = {2018}
}

@book{BOOK,
  author    = {Helen Sharp, Jenny Preece, Yvonne Rogers},
  title     = {Interaction Design: beyond human-computer interaction},
  publisher = {John Wiley and Sons Inc.},
  year      = 2019,
  edition   = 5,
  isbn      = {978-1-119-54725-9}
}

